<?xml version="1.0" encoding="UTF-8"?><record xmlns="http://www.loc.gov/MARC21/slim" xmlns:cinclude="http://apache.org/cocoon/include/1.0" xmlns:zs="http://www.loc.gov/zing/srw/">
  <leader>00465nz  a2200133n  4500</leader>
  <controlfield tag="001">no 99012364 </controlfield>
  <controlfield tag="003">DLC</controlfield>
  <controlfield tag="005">19990223052854.9</controlfield>
  <controlfield tag="008">990222n| acannaab|          |n aaa     c</controlfield>
  <datafield tag="010" ind1=" " ind2=" ">
    <subfield code="a">no 99012364 </subfield>
  </datafield>
  <datafield tag="035" ind1=" " ind2=" ">
    <subfield code="a">(OCoLC)oca04926141 </subfield>
  </datafield>
  <datafield tag="040" ind1=" " ind2=" ">
    <subfield code="a">MoKU</subfield>
    <subfield code="c">MoKU</subfield>
  </datafield>
  <datafield tag="100" ind1="1" ind2=" ">
    <subfield code="a">Luke, Natalie Heinking,</subfield>
    <subfield code="d">1965-</subfield>
  </datafield>
  <datafield tag="670" ind1=" " ind2=" ">
    <subfield code="a">The expression of the transciption factor Spfkh1 during sea urchin development, 1997,</subfield>
    <subfield code="b">t.p. (Natalie Heinking Luke) vita (b. June 4, 1965, in Blue Island, Ill.)</subfield>
  </datafield>
</record>